<record><leader>00000cas a22000007a 4500</leader><controlfield tag="001">25344052</controlfield><controlfield tag="008">920226d18761877scudn ne      0    0eng d</controlfield><datafield ind1=" " ind2=" " tag="010"><subfield code="a">sn 92065462 </subfield></datafield><datafield ind1=" " ind2=" " tag="040"><subfield code="a">SVN</subfield><subfield code="b">eng</subfield><subfield code="c">SVN</subfield><subfield code="d">OCLCQ</subfield></datafield><datafield ind1=" " ind2=" " tag="042"><subfield code="a">msc</subfield></datafield><datafield ind1="0" ind2=" " tag="130"><subfield code="a">Charleston Republican (Charleston, S.C.)</subfield></datafield><datafield ind1="1" ind2="0" tag="245"><subfield code="a">Charleston Republican.</subfield></datafield><datafield ind1=" " ind2=" " tag="260"><subfield code="a">Charleston, S.C. :</subfield><subfield code="b">Charleston Republican Pub. Co.</subfield></datafield><datafield ind1=" " ind2=" " tag="300"><subfield code="a">v.</subfield></datafield><datafield ind1=" " ind2=" " tag="310"><subfield code="a">Daily (except Sun.)</subfield></datafield><datafield ind1="1" ind2=" " tag="362"><subfield code="a">Began in 1876; ceased in 1877?</subfield></datafield><datafield ind1=" " ind2=" " tag="588"><subfield code="a">Description based on: Vol. 1, no. 11 (Oct. 21, 1876).</subfield></datafield><datafield ind1=" " ind2="4" tag="651"><subfield code="a">Charleston County (S.C.)</subfield><subfield code="v">Newspapers.</subfield></datafield><datafield ind1=" " ind2=" " tag="752"><subfield code="a">United States</subfield><subfield code="b">South Carolina</subfield><subfield code="c">Charleston</subfield><subfield code="d">Charleston.</subfield></datafield><datafield ind1="1" ind2=" " tag="029"><subfield code="a">AU@</subfield><subfield code="b">000020693950</subfield></datafield></record>